%% This BibTeX bibliography file was created using BibDesk.
%% https://bibdesk.sourceforge.io/

%% Created for wb at 2024-01-07 22:53:36 +0100 


%% Saved with string encoding Unicode (UTF-8) 



@article{knuth:1984,
	author = {Donald E. Knuth},
	journal = {The Computer Journal},
	number = {2},
	pages = {97--111},
	publisher = {Oxford University Press},
	title = {Literate Programming},
	volume = {27},
	year = {1984}}

@book{texbook,
	author = {Donald E. Knuth},
	publisher = {Addison-Wesley Professional},
	title = {The {\TeX} Book},
	year = {1986}}

@url{immigrants2021a,
	author = {Maria Wilczek},
	date-modified = {2024-01-07 22:53:36 +0100},
	lastchecked = {2021-11-28},
	month = {9},
	title = {Number of immigrant workers in {P}oland grows 35\% in a year},
	url = {https://notesfrompoland.com/2021/09/17/number-of-immigrant-workers-in-poland-grows-35-in-a-year/},
	year = {2021},
	bdsk-url-1 = {https://notesfrompoland.com/2021/09/17/number-of-immigrant-workers-in-poland-grows-35-in-a-year/}}
